@misc{xecdesign1,
    title = {QEMU – Emulating Raspberry Pi the easy way (Linux or Windows!)},
    author = "{xecdesign.com}",
    howpublished = {\href{https://web.archive.org/web/20150326230511/http://xecdesign.com/qemu-emulating-raspberry-pi-the-easy-way/}{http://xecdesign.com/qemu-emulating-raspberry-pi-the-easy-way/}}
} 

@misc{xecdesign2,
    title = {Compiling an ARM1176 kernel for QEMU},
    author = "{xecdesign.com}",
    howpublished = {\href{https://web.archive.org/web/20150214035104/http://xecdesign.com/compiling-a-kernel/}{http://xecdesign.com/compiling-a-kernel/}}
} 

@misc{xecdesign3,
    title = {Working with QEMU},
    author = "{xecdesign.com}",
    howpublished = {\href{https://web.archive.org/web/20131210001407/http://xecdesign.com/working-with-qemu/}{http://xecdesign.com/working-with-qemu/}}
} 

@misc{elinux,
    title = {Virtual Development Board},
    author = "{elinux.org}",
    howpublished = {\url{http://www.elinux.org/Virtual_Development_Board}}
} 

@misc{aurel,
    title = {Debian on an emulated ARM machine},
    author = "{Aurélien Jarno}",
    howpublished = {\url{http://www.aurel32.net/info/debian_arm_qemu.php}}
} 

